@book{quinn-ethics,
	title={{Ethics for the information age}},
	edition={{7th}},
	author={Michael J. Quinn},
	isbn={9780134296548},
	url={https://www.pearson.com/us/higher-education/program/Quinn-Ethics-for-the-Information-Age-7th-Edition/PGM152724.html},
	year={2017},
	publisher={Pearson}
}

@misc{ethics-iep,
	title = {{Ethics - Internet Encyclopedia of Philosophy}},
	note = {on-line at: \url{https://www.iep.utm.edu/ethics/}},
    author = {James Fieser}
}

@misc{metaethics-iep,
	title = {{Metaethics - Internet Encyclopedia of Philosophy}},
	note = {on-line at: \url{https://www.iep.utm.edu/metaethi/}},
    author = {Kevin M. DeLapp}
}

@misc{hedonism-iep,
	title = {{Hedonism - Internet Encyclopedia of Philosophy}},
	note = {on-line at: \url{https://www.iep.utm.edu/hedonism/}},
    author = {Dan Weijers}
}

@misc{bynum,
	title = {{Computer and Information Ethics - Stanford Encyclopedia of Philosophy}},
	note = {on-line at: \url{https://plato.stanford.edu/entries/ethics-computer/#FouComInfEth}},
    author = {Terrell W. Bynum}
}

@misc{floridi,
	title = {{Mapping the foundationalist debate in computer ethics - University of Oxford}},
	note = {on-line at: \url{http://co-bwcom.ipower.com/Ethics/ethics_foundationalists_debate_computer_ethics.pdf}},
    author = {Luciano Floridi, J.W. Sanders}
}

@misc{acm,
	title = {{ACM Code of Ethics and Professional Conduct - Association for Computing Machinery}},
	note = {on-line at: https://www.acm.org/code-of-ethics}},
}

@misc{ice,
	title = {{The  Ten  Commandments  of  Computer  Ethics - The  Computer  Ethics  Institute}},
}

@misc{stanford,
	title = {{Deontological Ethics}},
	note = {on-line at: https://plato.stanford.edu/entries/ethics-deontological/}},
}
